@online{wikipediaGit,
    title = "{Git}",
    author = "Wikipedia",
    url = "https://en.wikipedia.org/wiki/Git",
    addendum = "(accessed: Jan. 09, 2020)"
}

@online{wikipediaGitHub,
    title = "{GitHub}",
    author = "Wikipedia",
    url = "https://en.wikipedia.org/wiki/GitHub",
    addendum = "(accessed: Jan. 09, 2020)"
}

@online{blogGitVersionControl,
    title = "Git Version Control series: What is Git?",
    author = "Sarah K.",
    url = "https://blog.cpanel.com/git-version-control-series-what-is-git/",
    addendum = "(accessed: Jan. 09, 2020)"
}

@online{stackexchangeStagingArea,
    title = "What does 'stage' mean in git?",
    author = "Rook",
    url = "https://softwareengineering.stackexchange.com/questions/119782/what-does-stage-mean-in-git",
    addendum = "(accessed: Mar. 20, 2020)"
}
